%%%%%%%%%%%%%%%%%%%%%%%%%%%
%
% $Autor: <???> $
% $Projext.: <????> $
%
%%%%%%%%%%%%%%%%%%%%%%%%%%%



%%%%%%%%%%%%%%%%%%%%%%%%%%%%%%%%%%%%%%
%  A
%%%%%%%%%%%%%%%%%%%%%%%%%%%%%%%%%%%%%%



%%%%%%%%%%%%%%%%%%%%%%%%%%%%%%%%%%%%%%
%  B
%%%%%%%%%%%%%%%%%%%%%%%%%%%%%%%%%%%%%%

@book{jackson2020,
	title={Wine Science: Principles and Applications},
	author={Jackson, Ronald S.},
	edition={5},
	year={2020},
	publisher={Academic Press},
	doi={10.1016/C2019-0-02015-8}
}

@book{waterhouse2016,
	title={Understanding Wine Chemistry},
	author={Waterhouse, Andrew L. and Sacks, Gavin L. and Jeffery, David W.},
	year={2016},
	publisher={John Wiley \& Sons},
	doi={10.1002/9781118730720}
}

@article{granato2018,
	title={Use of principal component analysis (PCA) and hierarchical cluster analysis (HCA) for multivariate association between bioactive compounds and functional properties in foods: A critical perspective},
	author={Granato, Daniel and Santos, Javier S. and Escher, Giovana B. and Ferreira, Bruno L. and Maggio, Ronei M.},
	journal={Trends in Food Science \& Technology},
	volume={72},
	pages={83--90},
	year={2018},
	doi={10.1016/j.tifs.2017.12.006}
}

@article{liakos2018,
	title={Machine learning in agriculture: A review},
	author={Liakos, Konstantinos G. and Busato, Patrizia and Moshou, Dimitrios and Pearson, Simon and Bochtis, Dionysis},
	journal={Sensors},
	volume={18},
	number={8},
	pages={2674},
	year={2018},
	doi={10.3390/s18082674}
}

@article{cortez2009,
	title={Modeling wine preferences by data mining from physicochemical properties},
	author={Cortez, Paulo and Cerdeira, A. and Almeida, F. and Matos, T. and Reis, J.},
	journal={Decision Support Systems},
	volume={47},
	number={4},
	pages={547--553},
	year={2009},
	doi={10.1016/j.dss.2009.05.016}
}

@article{gupta2018,
	title={Selection of important features and predicting wine quality using machine learning techniques},
	author={Gupta, Yogesh},
	journal={Procedia Computer Science},
	volume={125},
	pages={305--312},
	year={2018},
	doi={10.1016/j.procs.2017.12.041}
}

@inproceedings{kumar2020,
	title={Red wine quality prediction using machine learning techniques},
	author={Kumar, Sunil and Agrawal, Kapil and Mandan, Neeraj},
	booktitle={International Conference on Computer Communication and Informatics},
	pages={1--6},
	year={2020},
	doi={10.1109/ICCCI48352.2020.9104095}
}

@book{ribereau2017,
	title={Handbook of Enology: The Chemistry of Wine Stabilization and Treatments},
	author={Rib{\'e}reau-Gayon, Pascal and Glories, Yves and Maujean, Alain and Dubourdieu, Denis},
	edition={3},
	year={2017},
	publisher={John Wiley \& Sons},
	doi={10.1002/9781118627235}
}

@article{downey2006,
	title={Authentication of whole and ground coffee beans by near infrared reflectance spectroscopy},
	author={Downey, Gerard and Boussion, Josselin and Beauch{\^e}ne, Daniel},
	journal={Journal of Near Infrared Spectroscopy},
	volume={14},
	number={1},
	pages={35--42},
	year={2006},
	doi={10.1255/jnirs.595}
}

@article{jolliffe2016,
	title={Principal component analysis: A review and recent developments},
	author={Jolliffe, Ian T. and Cadima, Jorge},
	journal={Philosophical Transactions of the Royal Society A},
	volume={374},
	number={2065},
	pages={20150202},
	year={2016},
	doi={10.1098/rsta.2015.0202}
}

@incollection{manderscheid2022,
	title={Text Mining},
	author={Manderscheid, Katharina},
	booktitle={Handbuch Methoden der empirischen Sozialforschung},
	editor={Baur, Nina and Blasius, J{\"o}rg},
	edition={3},
	pages={1719--1732},
	year={2022},
	publisher={Springer},
	address={Wiesbaden},
	doi={10.1007/978-3-658-37985-8}
}

@article{shearer2000,
	title={The CRISP-DM Model: The New Blueprint for Data Mining},
	author={Shearer, Colin},
	journal={Journal of Data Warehousing},
	volume={5},
	number={4},
	pages={13--22},
	year={2000}
}